@String(PAMI = {IEEE Trans. Pattern Anal. Mach. Intell.})
@String(IJCV = {Int. J. Comput. Vis.})
@String(CVPR= {IEEE Conf. Comput. Vis. Pattern Recog.})
@String(ICCV= {Int. Conf. Comput. Vis.})
@String(ECCV= {Eur. Conf. Comput. Vis.})
@String(NIPS= {Adv. Neural Inform. Process. Syst.})
@String(ICPR = {Int. Conf. Pattern Recog.})
@String(BMVC= {Brit. Mach. Vis. Conf.})
@String(TOG= {ACM Trans. Graph.})
@String(TIP  = {IEEE Trans. Image Process.})
@String(TVCG  = {IEEE Trans. Vis. Comput. Graph.})
@String(TMM  = {IEEE Trans. Multimedia})
@String(ACMMM= {ACM Int. Conf. Multimedia})
@String(ICME = {Int. Conf. Multimedia and Expo})
@String(ICASSP=	{ICASSP})
@String(ICIP = {IEEE Int. Conf. Image Process.})
@String(ACCV  = {ACCV})
@String(ICLR = {Int. Conf. Learn. Represent.})
@String(IJCAI = {IJCAI})
@String(PR   = {Pattern Recognition})
@String(AAAI = {AAAI})
@String(CVPRW= {IEEE Conf. Comput. Vis. Pattern Recog. Worksh.})
@String(CSVT = {IEEE Trans. Circuit Syst. Video Technol.})

@String(SPL	= {IEEE Sign. Process. Letters})
@String(VR   = {Vis. Res.})
@String(JOV	 = {J. Vis.})
@String(TVC  = {The Vis. Comput.})
@String(JCST  = {J. Comput. Sci. Tech.})
@String(CGF  = {Comput. Graph. Forum})
@String(CVM = {Computational Visual Media})


@String(PAMI  = {IEEE TPAMI})
@String(IJCV  = {IJCV})
@String(CVPR  = {CVPR})
@String(ICCV  = {ICCV})
@String(ECCV  = {ECCV})
@String(NIPS  = {NeurIPS})
@String(ICPR  = {ICPR})
@String(BMVC  =	{BMVC})
@String(TOG   = {ACM TOG})
@String(TIP   = {IEEE TIP})
@String(TVCG  = {IEEE TVCG})
@String(TCSVT = {IEEE TCSVT})
@String(TMM   =	{IEEE TMM})
@String(ACMMM = {ACM MM})
@String(ICME  =	{ICME})
@String(ICASSP=	{ICASSP})
@String(ICIP  = {ICIP})
@String(ACCV  = {ACCV})
@String(ICLR  = {ICLR})
@String(IJCAI = {IJCAI})
@String(PR = {PR})
@String(AAAI = {AAAI})
@String(CVPRW= {CVPRW})
@String(CSVT = {IEEE TCSVT})


@misc{
    Tevet23,
    author = {Guy Tevet et al.},
    title = {Human Motion Diffusion Model},
    journal = ICLR,
    year = 2023,
    doi = "2209.14916",
    url = {https://arxiv.org/abs/2209.14916}
}

@misc{
    Xiao22,
    author = {Zhisheng Xiao et al.},
    title = {Tackling the Generative Learning Trilemma with Denoising Diffusion GANs},
    journal = ICLR,
    year = 2022,
    doi = "2112.07804",
    url = {https://arxiv.org/abs/2112.07804}
}

@misc{
    Bhunia23,
    author = {Ankan Kumar Bhunia et al.},
    title = {Person Image Synthesis via Denoising Diffusion Model},
    journal = {CRCV},
    year = 2023,
    doi = "2211.12500",
    url = {https://arxiv.org/abs/2112.07804}
}

@InProceedings{Guo_2022_CVPR,
    author    = {Guo, Chuan and Zou, Shihao and Zuo, Xinxin and Wang, Sen and Ji, Wei and Li, Xingyu and Cheng, Li},
    title     = {Generating Diverse and Natural 3D Human Motions From Text},
    booktitle = {Proceedings of the IEEE/CVF Conference on Computer Vision and Pattern Recognition (CVPR)},
    year      = {2022},
    pages     = {5152-5161}
}

@InProceedings{Amass,
    author    = {Mahmood, Naureen and Ghorbani, Nima and Troje, Nikolaus and Pons-Moll, Gerard and Black, Michael},
    title     = {AMASS: Archive of Motion Capture as Surface Shapes},
    booktitle = {Proceedings of the IEEE/CVF Conference on Computer Vision and Pattern Recognition (CVPR)},
    year      = {2019},
    pages     = {5442â€“5451}

}

@InProceedings{guo2020action2motion,
  title={Action2motion: Conditioned generation of 3d human motions},
  author={Guo, Chuan and Zuo, Xinxin and Wang, Sen and Zou, Shihao and Sun, Qingyao and Deng, Annan and Gong, Minglun and Cheng, Li},
  booktitle={Proceedings of the 28th ACM International Conference on Multimedia},
  pages={2021--2029},
  year={2020}
}